@article{Edu_JSTSP,
  title={A Machine Learning Approach for Tracking and Predicting Student Performance in Degree Programs},
  author={Jie Xu, Member, IEEE, Kyeong Ho Moon, Student Member, IEEE, and Mihaela van der Schaar, Fellow, IEEE},
  volume={1},
  pages={12},
  year={2016},
  publisher={www.ieee.org}
}

@article{EducationML,
  title={Improving Individual Learning through Performance Tracking},
  author={Mihaela van der Schaar, University of Oxford, Alan Turing Institute},
  volume={1},
  pages={35},
  year={2016},
  publisher={Mihaela van der Schaar}
}

 